This file was created with JabRef 2.2.
Encoding: MacRoman

@Manual{hadley2022,
    title = {haven: Import and Export 'SPSS', 'Stata' and 'SAS' Files},
    author = {Hadley Wickham and Evan Miller and Danny Smith},
    year = {2022},
    note = {R package version 2.5.1},
    url = {https://CRAN.R-project.org/package=haven},
  }

@Article{hadley2019,
    title = {Welcome to the {tidyverse}},
    author = {Hadley Wickham and Mara Averick and Jennifer Bryan and Winston Chang and Lucy D'Agostino McGowan and Romain Françoi and  Garrett Grolemun and  Alex Haye and  Lionel Henr and  Jim Heste and  Max Kuh and  Thomas Lin Pederse and  Evan Mille and  Stephan Milton Bach and  Kirill Müll and , Jeroen Oo and , David Robins and , Dana Paige Seid and , Vitalie Spi and , Kohske Takahas and , Davis Vaugh and , Claus Wil and , Kara W and , Hiroaki Yutani},
    year = {2019},
    journal = {Journal of Open Source Software},
    volume = {4},
    number = {43},
    pages = {1686},
    doi = {10.21105/joss.01686},
  }

@Manual{firke2021,
    title = {janitor: Simple Tools for Examining and Cleaning Dirty Data},
    author = {Sam Firke},
    year = {2021},
    note = {R package version 2.1.0},
    url = {https://CRAN.R-project.org/package=janitor},
  }

@Misc{lumley2020,
    author = {Thomas Lumley},
    year = {2020},
    title = {survey: analysis of complex survey samples},
    note = {R package version 4.0},
  }

@Manual{freedman2022,
    title = {srvyr: 'dplyr'-Like Syntax for Summary Statistics of Survey Data},
    author = {Greg {Freedman Ellis} and Ben Schneider},
    year = {2022},
    note = {R package version 1.1.2},
    url = {https://CRAN.R-project.org/package=srvyr},
  }

@Manual{kuhn2020,
    title = {Tidymodels: a collection of packages for modeling and machine learning using tidyverse principles.},
    author = {Max Kuhn and Hadley Wickham},
    url = {https://www.tidymodels.org},
    year = {2020},
  }

@article{RN3444,
   author = {Ajnakina, Olesya and Stubbs, Brendon and Francis, Emma and Gaughran, Fiona and David, Anthony S. and Murray, Robin M. and Lally, John},
   title = {Employment and relationship outcomes in first-episode psychosis: A systematic review and meta-analysis of longitudinal studies},
   journal = {Schizophrenia Research},
   volume = {231},
   pages = {122-133},
   ISSN = {0920-9964},
   DOI = {10.1016/j.schres.2021.03.013},
   year = {2021},
   type = {Journal Article}
}

@inproceedings{RN4743,
   author = {Allan, Stephanie and Roberts, Helen and Clancy, Moya and Nair, Vik and MacKenzie-Nash, Charlie and Braekken, Karina and Matrunola, Claire and Blanche, Maddie and Jamieson, Michelle and Stuart, Simon},
   title = {What researching the benefits system has taught us about being trauma informed when people encounter traumatising systems},
   booktitle = {Clinical Psychology Forum},
   publisher = {British Psychological Society},
   ISBN = {1747-5732},
   type = {Conference Proceedings}
}

@article{RN678,
   author = {Allsopp, Kate and Read, John and Corcoran, Rhiannon and Kinderman, Peter},
   title = {Heterogeneity in psychiatric diagnostic classification},
   journal = {Psychiatry Research},
   volume = {279},
   pages = {15-22},
   ISSN = {0165-1781},
   DOI = {10.1016/j.psychres.2019.07.005},
   url = {http://www.sciencedirect.com/science/article/pii/S0165178119309114
https://www.sciencedirect.com/science/article/abs/pii/S0165178119309114},
   year = {2019},
   type = {Journal Article}
}

@book{RN2237,
   author = {American Psychiatric Association},
   title = {Diagnostic and statistical manual of mental disorders: DSM-5},
   publisher = {American psychiatric association Washington, DC},
   volume = {5},
   year = {2013},
   type = {Book}
}

@article{RN4727,
   author = {Anderson, Martin},
   title = {‘One flew over the psychiatric unit’: mental illness and the media},
   journal = {Journal of psychiatric and mental health nursing},
   volume = {10},
   number = {3},
   pages = {297-306},
   ISSN = {1351-0126},
   year = {2003},
   type = {Journal Article}
}

@article{RN2348,
   author = {Ang, Benjamin and Horowitz, Mark and Moncrieff, Joanna},
   title = {Is the chemical imbalance an ‘urban legend’? An exploration of the status of the serotonin theory of depression in the academic literature},
   journal = {SSM-Mental Health},
   pages = {100098},
   ISSN = {2666-5603},
   year = {2022},
   type = {Journal Article}
}

@article{RN188,
   author = {Bailey, Nick},
   title = {Exclusionary employment in Britain’s broken labour market:},
   journal = {http://dx.doi.org/10.1177/0261018315601800},
   DOI = {10.1177_0261018315601800},
   url = {http://journals.sagepub.com/doi/10.1177/0261018315601800},
   year = {2015},
   type = {Journal Article}
}

@article{RN2395,
   author = {Bailey, Nick and Gannon, Maria and Kearns, Ade and Livingston, Mark and Leyland, Alastair H},
   title = {Living Apart, Losing Sympathy? How Neighbourhood Context Affects Attitudes to Redistribution and to Welfare Recipients},
   journal = {Environment and Planning A: Economy and Space},
   volume = {45},
   number = {9},
   pages = {2154-2175},
   ISSN = {0308-518X},
   DOI = {10.1068/a45641},
   url = {http://eprints.gla.ac.uk/75970/1/75970.pdf},
   year = {2013},
   type = {Journal Article}
}

@article{RN2413,
   author = {Bailey, Nick and L. Stewart, Joanna and Minton, Jon},
   title = {The welfare consequences of the suburbanisation of poverty in UK cities: air pollution and school quality},
   journal = {Urban Development Issues},
   volume = {61},
   number = {1},
   pages = {15-32},
   ISSN = {2544-6258},
   DOI = {10.2478/udi-2019-0003},
   year = {2019},
   type = {Journal Article}
}

@article{RN2205,
   author = {Bailey, Nick and Minton, Jon},
   title = {The suburbanisation of poverty in British cities, 2004-16: extent, processes and nature},
   journal = {Urban Geography},
   volume = {39},
   number = {6},
   pages = {892-915},
   ISSN = {0272-3638},
   DOI = {10.1080/02723638.2017.1405689},
   url = {http://eprints.gla.ac.uk/149816/7/149816.pdf},
   year = {2018},
   type = {Journal Article}
}

@article{RN147,
   author = {Bak, Maarten and Fransen, Annemarie and Janssen, Jouke and van Os, Jim and Drukker, Marjan},
   title = {Almost all antipsychotics result in weight gain: a meta-analysis},
   journal = {PloS one},
   volume = {9},
   number = {4},
   pages = {e94112},
   ISSN = {1932-6203},
   year = {2014},
   type = {Journal Article}
}

@article{RN4741,
   author = {Balaji, Madhumitha and Chatterjee, Sudipto and Brennan, Beth and Rangaswamy, Thara and Thornicroft, Graham and Patel, Vikram},
   title = {Outcomes that matter: a qualitative study with persons with schizophrenia and their primary caregivers in India},
   journal = {Asian journal of psychiatry},
   volume = {5},
   number = {3},
   pages = {258-265},
   ISSN = {1876-2018},
   year = {2012},
   type = {Journal Article}
}

@article{RN2326,
   author = {Barch, Deanna M and Karcher, Nicole and Moran, Erin},
   title = {Reinventing schizophrenia–Embracing complexity and complication},
   journal = {Schizophrenia research},
   volume = {242},
   pages = {7-11},
   ISSN = {0920-9964},
   year = {2022},
   type = {Journal Article}
}

@book{RN2334,
   author = {Bentall, Richard P},
   title = {Madness explained: Psychosis and human nature},
   publisher = {Penguin UK},
   ISBN = {0141909323},
   year = {2003},
   type = {Book}
}

@article{guidry2019clarifying,
  title={Clarifying a clinical ethics service’s value, the visible and the hidden},
  author={Guidry-Grimes, Laura and Warren, Marika and Lipman, Hannah I and Kent, Kelly and Krishnamurthy, Kaarkuzhali Babu and Davis, Arlene M and May, Thomas and Jiro, Marycon Chin and Jankowski, Jane},
  journal={The Journal of Clinical Ethics},
  volume={30},
  number={3},
  pages={251--261},
  year={2019},
  publisher={The University of Chicago Press Chicago, IL}
}

@article{guidry2019ethical,
  title={Ethical complexities in assessing patients’ insight},
  author={Guidry-Grimes, Laura},
  journal={Journal of Medical Ethics},
  volume={45},
  number={3},
  pages={178--182},
  year={2019},
  publisher={Institute of Medical Ethics}
}

@article{redikopp2021out,
  title={Out of place, out of mind: Min (d) ing race in mad studies through a metaphor of spatiality},
  author={Redikopp, Sarah},
  journal={Canadian Journal of Disability Studies},
  volume={10},
  number={3},
  pages={96--118},
  year={2021}
}

@article{RN2337,
   author = {Beresford, Peter},
   title = {Thinking about 'mental health': Towards a social model},
   journal = {Journal of Mental Health},
   volume = {11},
   number = {6},
   pages = {581-584},
   ISSN = {0963-8237},
   DOI = {10.1080/09638230020023921},
   year = {2002},
   type = {Journal Article}
}

@article{RN3498,
   author = {Beresford, Peter},
   title = {Including Our Self In Struggle},
   journal = {Canadian Journal of Disability Studies},
   volume = {8},
   number = {4},
   pages = {31-59},
   ISSN = {1929-9192},
   DOI = {10.15353/cjds.v8i4.523},
   year = {2019},
   type = {Journal Article}
}

@inproceedings{RN4752,
   author = {Berry, Leonard L and Rock, Beth L and Houskamp, Beth Smith and Brueggeman, Joan and Tucker, Lois},
   title = {Care coordination for patients with complex health profiles in inpatient and outpatient settings},
   booktitle = {Mayo Clinic Proceedings},
   publisher = {Elsevier},
   volume = {88},
   pages = {184-194},
   ISBN = {0025-6196},
   type = {Conference Proceedings}
}

@article{antic2022decolonizing,
  title={Decolonizing madness? Transcultural psychiatry, international order and birth of a ‘global psyche’in the aftermath of the Second World War},
  author={Anti{\'c}, Ana},
  journal={Journal of Global History},
  volume={17},
  number={1},
  pages={20--41},
  year={2022},
  publisher={Cambridge University Press}
}

@article{RN4795,
   author = {Bertolero, Maxwell A and Dworkin, Jordan D and David, Sophia U and Lloreda, Claudia López and Srivastava, Pragya and Stiso, Jennifer and Zhou, Dale and Dzirasa, Kafui and Fair, Damien A and Kaczkurkin, Antonia N},
   title = {Racial and ethnic imbalance in neuroscience reference lists and intersections with gender},
   journal = {BioRxiv},
   pages = {2020.10. 12.336230},
   year = {2020},
   type = {Journal Article}
}

@book{RN4805,
   author = {Bezruchka, Stephen},
   title = {Inequality Kills Us All: COVID-19's Health Lessons for the World},
   publisher = {Taylor & Francis},
   ISBN = {1000777324},
   year = {2022},
   type = {Book}
}

@article{RN3500,
   author = {Bhatia, Sunil and Priya, Kumar Ravi},
   title = {Coloniality and Psychology: From Silencing to Re-Centering Marginalized Voices in Postcolonial Times},
   journal = {Review of General Psychology},
   volume = {25},
   number = {4},
   pages = {422-436},
   ISSN = {1089-2680},
   DOI = {10.1177/10892680211046507},
   year = {2021},
   type = {Journal Article}
}

@misc{RN2236,
author = {Recovery in the Bin, RiTB},
   url = {https://recoveryinthebin.org/ritbkeyprinciples/},
   year = {2022},
   type = {Web Page}
}

@article{RN4787,
   author = {Birhane, Abeba},
   title = {Algorithmic injustice: a relational ethics approach},
   journal = {Patterns},
   volume = {2},
   number = {2},
   pages = {100205},
   ISSN = {2666-3899},
   year = {2021},
   type = {Journal Article}
}

@article{RN2252,
   author = {Bouwmans, Clazien and de Sonneville, Caroline and Mulder, Cornelis L and Hakkaart-van Roijen, Leona},
   title = {Employment and the associated impact on quality of life in people diagnosed with schizophrenia},
   journal = {Neuropsychiatric disease and treatment},
   volume = {11},
   pages = {2125},
   year = {2015},
   type = {Journal Article}
}

@inbook{RN3503,
   author = {Boyle, Mary},
   title = {Making the World Go Away, and How Psychology and Psychiatry Benefit},
   booktitle = {De-Medicalizing Misery},
   publisher = {Palgrave Macmillan UK},
   pages = {27-43},
   DOI = {10.1057/9780230342507_3},
   year = {2011},
   type = {Book Section}
}

@article{RN4760,
   author = {Brick, J Michael and Williams, Douglas},
   title = {Explaining rising nonresponse rates in cross-sectional surveys},
   journal = {The ANNALS of the American academy of political and social science},
   volume = {645},
   number = {1},
   pages = {36-59},
   ISSN = {0002-7162},
   year = {2013},
   type = {Journal Article}
}

@article{mcfadden1974measurement,
  title={The measurement of urban travel demand},
  author={McFadden, Daniel},
  journal={Journal of public economics},
  volume={3},
  number={4},
  pages={303--328},
  year={1974},
  publisher={Elsevier}
}

@article{RN2312,
   author = {Brouwers, Evelien P. M.},
   title = {Social stigma is an underestimated contributing factor to unemployment in people with mental illness or mental health issues: position paper and future directions},
   journal = {BMC Psychology},
   volume = {8},
   number = {1},
   ISSN = {2050-7283},
   DOI = {10.1186/s40359-020-00399-0},
   year = {2020},
   type = {Journal Article}
}

@article{RN4756,
   author = {Brown, George W and Harris, Tirril O and Hepworth, Catherine},
   title = {Loss, humiliation and entrapment among women developing depression: a patient and non-patient comparison},
   journal = {Psychological medicine},
   volume = {25},
   number = {1},
   pages = {7-21},
   ISSN = {1469-8978},
   year = {1995},
   type = {Journal Article}
}

@article{RN150,
   author = {Burghardt, Kyle J and Seyoum, Berhane and Mallisho, Abdullah and Burghardt, Paul R and Kowluru, Renu A and Yi, Zhengping},
   title = {Atypical antipsychotics, insulin resistance and weight; a meta-analysis of healthy volunteer studies},
   journal = {Progress in Neuro-Psychopharmacology and Biological Psychiatry},
   ISSN = {0278-5846},
   year = {2018},
   type = {Journal Article}
}

@article{RN4750,
   author = {Burns, Tom and Catty, Jocelyn and White, Sarah and Becker, Thomas and Koletsi, Marsha and Fioritti, Angelo and Rössler, Wulf and Tomov, Toma and van Busschbach, Jooske and Wiersma, Durk},
   title = {The impact of supported employment and working on clinical and social functioning: results of an international study of individual placement and support},
   journal = {Schizophrenia bulletin},
   volume = {35},
   number = {5},
   pages = {949-958},
   ISSN = {1745-1701},
   year = {2009},
   type = {Journal Article}
}

@article{RN4802,
   author = {Busso, Lilliana Del and Leonardsen, Ann-Chatrin Linqvist},
   title = {Qualitative research as reflexive process: a word limitation challenge in qualitative medical research publications?},
   journal = {Nordisk sygeplejeforskning},
   volume = {9},
   number = {3},
   pages = {182-187},
   ISSN = {1892-2678},
   year = {2019},
   type = {Journal Article}
}

@inbook{RN4745,
   author = {Calabria, Verusca and Bailey, Di and Bowpitt, Graham},
   title = {“More than Bricks and Mortar”: Meaningful Care Practices in the Old State Mental Hospitals},
   booktitle = {Voices in the History of Madness: Personal and Professional Perspectives on Mental Health and Illness},
   publisher = {Springer},
   pages = {191-215},
   year = {2021},
   type = {Book Section}
}

@article{RN3525,
   author = {Callow, Tyla J. and Moffitt, Robyn L. and Neumann, David L.},
   title = {External shame and its association with depression and anxiety: the moderating role of self-compassion},
   journal = {Australian Psychologist},
   volume = {56},
   number = {1},
   pages = {70-80},
   ISSN = {0005-0067},
   DOI = {10.1080/00050067.2021.1890984},
   year = {2021},
   type = {Journal Article}
}

@misc{RN145,
   ISBN = {0160-6689},
   year = {2017},
   type = {Generic}
}

@misc{RN4807,
   year = {2018},
   type = {Generic}
}

@article{RN2372,
   author = {Chan, Randolph C H and Mak, Winnie W S and Chio, Floria H N and Tong, Alan C Y},
   title = {Flourishing With Psychosis: A Prospective Examination on the Interactions Between Clinical, Functional, and Personal Recovery Processes on Well-being Among Individuals with Schizophrenia Spectrum Disorders},
   journal = {Schizophrenia Bulletin},
   volume = {44},
   number = {4},
   pages = {778-786},
   ISSN = {0586-7614},
   DOI = {10.1093/schbul/sbx120},
   year = {2018},
   type = {Journal Article}
}

@article{RN343,
   author = {Chandola, Tarani and Cathie Marsh Institute and Social Statistics, School of Social Science University of Manchester Oxford Road Manchester M. P. L. U. K. and Zhang, Nan},
   title = {Re-employment, job quality, health and allostatic load biomarkers: prospective evidence from the UK Household Longitudinal Study},
   journal = {International Journal of Epidemiology},
   DOI = {10.1093/ije/dyx150},
   url = {https://academic.oup.com/ije/article-pdf/doi/10.1093/ije/dyx150/19489431/dyx150.pdf},
   year = {2017},
   type = {Journal Article}
}

@article{waraich2018life,
  title={The life and work of Jean-Martin Charcot (1825--1893):‘The Napoleon of Neuroses’},
  author={Waraich, Manni and Shah, Shailesh},
  journal={Journal of the Intensive Care Society},
  volume={19},
  number={1},
  pages={48--49},
  year={2018},
  publisher={SAGE Publications Sage UK: London, England}
}

@book{appignanesi2011mad,
  title={Mad, bad and sad: A history of women and the mind doctors from 1800 to the present},
  author={Appignanesi, Lisa},
  year={2011},
  publisher={Hachette UK}
}

@incollection{freud1955notes,
  title={Notes upon a case of obsessional neurosis},
  author={Freud, Sigmund},
  booktitle={The Standard Edition of the Complete Psychological Works of Sigmund Freud, Volume X (1909): Two Case Histories (‘Little Hans’ and the ‘Rat Man’)},
  pages={151--318},
  year={1955}
}

@article{RN4728,
   author = {Chew-Graham, Carolyn Anne and Gilbody, Simon and Curtis, Jackie and Holt, Richard IG and Taylor, Anna Kathryn and Shiers, David},
   title = {Still ‘being bothered about Billy’: managing the physical health of people with severe mental illness},
   journal = {British Journal of General Practice},
   volume = {71},
   number = {709},
   pages = {373-376},
   ISSN = {0960-1643},
   year = {2021},
   type = {Journal Article}
}

@article{RN4779,
   author = {Chivers, Tom},
   title = {Does psychology have a conflict-of-interest problem},
   journal = {Nature},
   volume = {571},
   number = {7763},
   pages = {20-24},
   year = {2019},
   type = {Journal Article}
}

@article{RN3536,
   author = {Choi, Dug Ja and Joung, Jeawon and Kim, Eunha and Kim, Sungjae},
   title = {“Entry to the Society from the Schizophrenic Cave”- A Qualitative Meta-Synthesis of Job Experiences for People with Schizophrenia},
   journal = {Issues in Mental Health Nursing},
   volume = {41},
   number = {10},
   pages = {873-886},
   ISSN = {0161-2840},
   DOI = {10.1080/01612840.2020.1731892},
   year = {2020},
   type = {Journal Article}
}

@book{RN4742,
   author = {Cohen, Bruce MZ},
   title = {Psychiatric hegemony: A Marxist theory of mental illness},
   publisher = {Springer},
   ISBN = {1137460512},
   year = {2016},
   type = {Book}
}

@article{RN2296,
   author = {Cohen, Sue and Samzelius, Tove},
   title = {Through the lens of single parenthood: a comparative snapshot of the impact of neoliberal welfare, housing and employment policies on single mothers in the UK and Sweden},
   journal = {Feminismo/s},
   number = {35},
   ISSN = {1696-8166},
   DOI = {10.14198/fem.2020.35.05},
   year = {2020},
   type = {Journal Article}
}

@article{RN3507,
   author = {Comtesse, Hannah and Vogel, Anna and Kersting, Anette and Rief, Winfried and Steil, Regina and Rosner, Rita},
   title = {When does grief become pathological? Evaluation of the ICD-11 diagnostic proposal for prolonged grief in a treatment-seeking sample},
   journal = {European Journal of Psychotraumatology},
   volume = {11},
   number = {1},
   pages = {1694348},
   ISSN = {2000-8198},
   DOI = {10.1080/20008198.2019.1694348},
   year = {2020},
   type = {Journal Article}
}

@article{RN4749,
   author = {Craig, Tom and Shepherd, Geoff and Rinaldi, Miles and Smith, Jo and Carr, Sarah and Preston, Fay and Singh, Swaran},
   title = {Vocational rehabilitation in early psychosis: cluster randomised trial},
   journal = {The British Journal of Psychiatry},
   volume = {205},
   number = {2},
   pages = {145-150},
   ISSN = {0007-1250},
   year = {2014},
   type = {Journal Article}
}

@article{RN4816,
   author = {Curtiss, Joshua E and Levine, Daniella S and Rosenbaum, Jerrold F and Baker, Amanda},
   title = {Cognitive-behavioral strategies to manage panic disorder},
   journal = {Psychiatric Annals},
   volume = {51},
   number = {5},
   pages = {216-220},
   ISSN = {0048-5713},
   year = {2021},
   type = {Journal Article}
}

@article{RN151,
   author = {Delacrétaz, Aurélie and Santos, Patricia Lagares and Morgui, Nuria Saigi and Vandenberghe, Frederik and Glatard, Anaïs and Gholam-Rezaee, Mehdi and von Gunten, Armin and Conus, Philippe and Eap, Chin B},
   title = {Influence of polygenic risk scores on lipid levels and dyslipidemia in a psychiatric population receiving weight gain-inducing psychotropic drugs},
   journal = {Pharmacogenetics and genomics},
   volume = {27},
   number = {12},
   pages = {464-472},
   ISSN = {1744-6872},
   year = {2017},
   type = {Journal Article}
}

@article{RN4782,
   author = {Dickson-Swift, Virginia and James, Erica L and Kippen, Sandra and Liamputtong, Pranee},
   title = {Researching sensitive topics: Qualitative research as emotion work},
   journal = {Qualitative research},
   volume = {9},
   number = {1},
   pages = {61-79},
   ISSN = {1468-7941},
   year = {2009},
   type = {Journal Article}
}

@article{RN4817,
   author = {Doan, Petra L},
   title = {To count or not to count: Queering measurement and the transgender community},
   journal = {Women's Studies Quarterly},
   pages = {89-110},
   ISSN = {0732-1562},
   year = {2016},
   type = {Journal Article}
}

@article{RN2247,
   author = {Dobbins, Tony and Plows, Alexandra},
   title = {Contesting the politics of neoliberal resilience: regional labour market resilience from a workers’ perspective},
   journal = {Regional Studies},
   pages = {1-15},
   ISSN = {0034-3404},
   year = {2022},
   type = {Journal Article}
}

@article{RN3434,
   author = {Eads, Ray and Lee, Mo Yee and Liu, Chang and Yates, Nancy},
   title = {The Power of Perception: Lived Experiences with Diagnostic Labeling in Mental Health Recovery without Ongoing Medication Use},
   journal = {Psychiatric Quarterly},
   volume = {92},
   number = {3},
   pages = {889-904},
   ISSN = {0033-2720},
   DOI = {10.1007/s11126-020-09866-8},
   year = {2021},
   type = {Journal Article}
}

@article{RN4784,
   author = {Eliot, Lise},
   title = {Neurosexism: the myth that men and women have different brains},
   journal = {Nature},
   volume = {566},
   number = {7745},
   pages = {453-455},
   ISSN = {0028-0836},
   year = {2019},
   type = {Journal Article}
}

@article{RN122,
   author = {Elliott, J. H. and Turner, T. and Clavisi, O. and Thomas, J. and Higgins, J. P. and Mavergames, C. and Gruen, R. L.},
   title = {Living systematic reviews: an emerging opportunity to narrow the evidence-practice gap},
   journal = {PLoS Med},
   volume = {11},
   DOI = {10.1371/journal.pmed.1001603},
   url = {https://doi.org/10.1371/journal.pmed.1001603},
   year = {2014},
   type = {Journal Article}
}

@article{RN2381,
   author = {Elraz, Hadar},
   title = {The'sellable semblance': Employability in the context of mental-illness},
   journal = {Ephemera},
   volume = {13},
   number = {4},
   pages = {809},
   ISSN = {2052-1499},
   year = {2013},
   type = {Journal Article}
}

@book{RN4768,
   author = {Ettorre, Elizabeth},
   title = {Autoethnography as feminist method: Sensitising the feminist'I'},
   publisher = {Routledge},
   ISBN = {1315626810},
   year = {2016},
   type = {Book}
}

@inbook{RN4783,
   author = {Farran, Denise},
   title = {‘Seeking Susan’: Producing statistical information on young people’s leisure},
   booktitle = {Feminist praxis},
   publisher = {Routledge},
   pages = {91-102},
   ISBN = {0203094026},
   year = {2013},
   type = {Book Section}
}

@book{RN2341,
   author = {Fernando, Suman},
   title = {Mental health, race and culture},
   publisher = {Macmillan International Higher Education},
   ISBN = {1137013680},
   year = {2010},
   type = {Book}
}

@article{RN2356,
   author = {Fett, Anne-Kathrin J and Lemmers-Jansen, Imke LJ and Krabbendam, Lydia},
   title = {Psychosis and urbanicity: A review of the recent literature from epidemiology to neurourbanism},
   journal = {Current opinion in psychiatry},
   volume = {32},
   number = {3},
   pages = {232},
   year = {2019},
   type = {Journal Article}
}

@article{RN3512,
   author = {Folkes, Louise},
   title = {Moving beyond ‘shopping list’ positionality: Using kitchen table reflexivity and in/visible tools to develop reflexive qualitative research},
   journal = {Qualitative Research},
   pages = {146879412210989},
   ISSN = {1468-7941},
   DOI = {10.1177/14687941221098922},
   year = {2022},
   type = {Journal Article}
}

@misc{RN4811,
   url = {https://www.mentalhealth.org.uk/sites/default/files/2022-04/MHF-tackling-inequalities-report.pdf},
   year = {2022},
   type = {Web Page}
}

@article{RN3499,
   author = {Fox, Joanna Ruth},
   title = {Lived Experiences of Psychosis: Understanding the Gap Between Perception and Reality},
   journal = {Schizophrenia Bulletin},
   volume = {47},
   number = {6},
   pages = {1515-1517},
   ISSN = {0586-7614},
   DOI = {10.1093/schbul/sbab065},
   year = {2021},
   type = {Journal Article}
}

@article{RN3445,
   author = {Frawley, E. and Cowman, M. and Lepage, M. and Donohoe, G.},
   title = {Social and occupational recovery in early psychosis: a systematic review and meta-analysis of psychosocial interventions},
   journal = {Psychological Medicine},
   pages = {1-12},
   ISSN = {0033-2917},
   DOI = {10.1017/s003329172100341x},
   year = {2021},
   type = {Journal Article}
}

@book{RN2298,
   author = {Frayne, David},
   title = {The Work Cure: Critical essays on work and wellness},
   publisher = {PCCS Books Limited},
   ISBN = {1910919438},
   year = {2019},
   type = {Book}
}

@article{RN20,
   author = {Friedli, Lynne and Stearn, Robert},
   title = {Positive affect as coercive strategy: conditionality, activation and the role of psychology in UK government workfare programmes},
   journal = {Medical humanities},
   volume = {41},
   number = {1},
   pages = {40-47},
   ISSN = {1468-215X},
   year = {2015},
   type = {Journal Article}
}

@article{RN3527,
   author = {Frieh, Emma C.},
   title = {Stigma, trauma and sexuality: the experiences of women hospitalised with serious mental illness},
   journal = {Sociology of Health & Illness},
   volume = {42},
   number = {3},
   pages = {526-543},
   ISSN = {0141-9889},
   DOI = {10.1111/1467-9566.13034},
   year = {2020},
   type = {Journal Article}
}

@article{RN4794,
   author = {Fulvio, Jacqueline M and Akinnola, Ileri and Postle, Bradley R},
   title = {Gender (im) balance in citation practices in cognitive neuroscience},
   journal = {Journal of Cognitive Neuroscience},
   volume = {33},
   number = {1},
   pages = {3-7},
   ISSN = {0898-929X},
   year = {2021},
   type = {Journal Article}
}

@article{RN3458,
   author = {Gaebel, Wolfgang and Stricker, Johannes and Kerst, Ariane},
   title = {Changes from ICD-10 to ICD-11 and future directions in psychiatric classification},
   journal = {Dialogues in Clinical Neuroscience},
   volume = {22},
   number = {1},
   pages = {7-15},
   ISSN = {1958-5969},
   DOI = {10.31887/dcns.2020.22.1/wgaebel},
   year = {2020},
   type = {Journal Article}
}

@article{RN2301,
   author = {Gheyoh Ndzi, Ernestine},
   title = {An Investigation on the Widespread Use of Zero Hours Contracts in the UK and the Impact on Workers},
   journal = {International Journal of Law and Society},
   volume = {4},
   number = {2},
   pages = {140-149},
   ISSN = {2640-1894},
   year = {2021},
   type = {Journal Article}
}

@article{RN4758,
   author = {Gordon, Emma},
   title = {Administrative Data Research UK},
   journal = {Patterns},
   volume = {1},
   number = {1},
   pages = {100010},
   ISSN = {2666-3899},
   year = {2020},
   type = {Journal Article}
}

@misc{RN4793,
   volume = {17},
   number = {1},
   pages = {1-4},
   ISBN = {1478-4505},
   year = {2019},
   type = {Generic}
}

@article{RN3523,
   author = {Grandison, Graeme and Karatzias, Thanos and Fyvie, Claire and Hyland, Philip and O’Connor, Rory C. and Dickson, Adele},
   title = {Suicidal Histories in Adults Experiencing Psychological Trauma: Exploring Vulnerability and Protective Factors},
   journal = {Archives of Suicide Research},
   volume = {26},
   number = {1},
   pages = {155-168},
   ISSN = {1381-1118},
   DOI = {10.1080/13811118.2020.1758262},
   year = {2022},
   type = {Journal Article}
}

@article{RN4775,
   author = {Guillemin, Marilys and Gillam, Lynn},
   title = {Ethics, reflexivity, and “ethically important moments” in research},
   journal = {Qualitative inquiry},
   volume = {10},
   number = {2},
   pages = {261-280},
   ISSN = {1077-8004},
   year = {2004},
   type = {Journal Article}
}

@article{RN3494,
   author = {Guloksuz, S. and Van Os, J.},
   title = {The slow death of the concept of schizophrenia and the painful birth of the psychosis spectrum},
   journal = {Psychological Medicine},
   volume = {48},
   number = {2},
   pages = {229-244},
   ISSN = {0033-2917},
   DOI = {10.1017/s0033291717001775},
   year = {2018},
   type = {Journal Article}
}

@book{RN4819,
   author = {Guyan, Kevin},
   title = {Queer data: Using gender, sex and sexuality data for action},
   publisher = {Bloomsbury Publishing},
   ISBN = {1350230731},
   year = {2022},
   type = {Book}
}

@article{RN4813,
   author = {Hakulinen, Christian and Pulkki-Råback, Laura and Jokela, Markus and Ferrie, Jane E and Aalto, Anna-Mari and Virtanen, Marianna and Kivimäki, Mika and Vahtera, Jussi and Elovainio, Marko},
   title = {Structural and functional aspects of social support as predictors of mental and physical health trajectories: Whitehall II cohort study},
   journal = {J Epidemiol Community Health},
   volume = {70},
   number = {7},
   pages = {710-715},
   ISSN = {0143-005X},
   year = {2016},
   type = {Journal Article}
}

@article{RN3487,
   author = {Hampson, M. E. and Watt, B. D. and Hicks, R. E.},
   title = {Impacts of stigma and discrimination in the workplace on people living with psychosis},
   journal = {BMC Psychiatry},
   volume = {20},
   number = {1},
   ISSN = {1471-244X},
   DOI = {10.1186/s12888-020-02614-z},
   year = {2020},
   type = {Journal Article}
}

@article{RN441,
   author = {Hansen, Helena and Bourgois, Philippe and Drucker, Ernest},
   title = {Pathologizing poverty: new forms of diagnosis, disability, and structural stigma under welfare reform},
   journal = {Social Science & Medicine (1982)},
   volume = {103},
   pages = {76-83},
   ISSN = {1873-5347},
   DOI = {10.1016/j.socscimed.2013.06.033},
   url = {http://www.ncbi.nlm.nih.gov/pubmed/24507913},
   year = {2014},
   type = {Journal Article}
}

@article{RN4732,
   author = {Harangozo, J and Reneses, B and Brohan, E and Sebes, J and Csukly, Gábor and López-Ibor, JJ and Sartorius, N and Rose, D and Thornicroft, G},
   title = {Stigma and discrimination against people with schizophrenia related to medical services},
   journal = {International Journal of Social Psychiatry},
   volume = {60},
   number = {4},
   pages = {359-366},
   ISSN = {0020-7640},
   year = {2014},
   type = {Journal Article}
}

@book{RN2419,
   author = {Harding, Sandra G},
   title = {The science question in feminism},
   publisher = {Cornell University Press},
   ISBN = {0801493633},
   year = {1986},
   type = {Book}
}

@article{RN4800,
   author = {Harper, Craig A},
   title = {Ideological measurement in social and political psychology},
   year = {2020},
   type = {Journal Article}
}

@article{RN4751,
   author = {Hastings, Sarah L and Cohn, Tracy J},
   title = {Challenges and opportunities associated with rural mental health practice},
   journal = {Journal of Rural Mental Health},
   volume = {37},
   number = {1},
   pages = {37},
   ISSN = {2163-8969},
   year = {2013},
   type = {Journal Article}
}

@misc{RN4810,
   url = {https://www.mentalhealth.org.uk/explore-mental-health/mental-health-statistics/poverty-statistics},
   year = {2018},
   type = {Web Page}
}

@article{henderson2006meanings,
  title={Meanings of education for university students: Academic motivation and personal values as predictors},
  author={Henderson-King, Donna and Smith, Michelle N},
  journal={Social psychology of education},
  volume={9},
  pages={195--221},
  year={2006},
  publisher={Springer}
}

@article{RN2202,
   author = {Henderson, David A G and Atherton, Iain and Mccowan, Colin and Mercer, Stewart W and Bailey, Nick},
   title = {Linkage of national health and social care data: a cross-sectional study of multimorbidity and social care use in people aged over 65 years in Scotland},
   journal = {Age and Ageing},
   volume = {50},
   number = {1},
   pages = {176-182},
   ISSN = {0002-0729},
   DOI = {10.1093/ageing/afaa134},
   year = {2021},
   type = {Journal Article}
}

@article{RN2273,
   author = {Heron, Paul and Spanakis, Panagiotis and Crosland, Suzanne and Johnston, Gordon and Newbronner, Elizabeth and Wadman, Ruth and Walker, Lauren and Gilbody, Simon and Peckham, Emily},
   title = {Loneliness among people with severe mental illness during the COVID-19 pandemic: Results from a linked UK population cohort study},
   journal = {PloS one},
   volume = {17},
   number = {1},
   pages = {e0262363},
   ISSN = {1932-6203},
   year = {2022},
   type = {Journal Article}
}

@inbook{RN4755,
   author = {Higson, Hayley and Weatherhead, Ste and Hodge, Suzanne},
   title = {Mediating the Effects of Austerity with Creativity, Compassion and Community-Based Approaches},
   booktitle = {The Palgrave Handbook of Innovative Community and Clinical Psychologies},
   publisher = {Springer},
   pages = {559-576},
   year = {2022},
   type = {Book Section}
}

@article{RN2370,
   author = {Holm, Minna and Taipale, Heidi and Tanskanen, Antti and Tiihonen, Jari and Mitterdorfer‐Rutz, Ellenor},
   title = {Employment among people with schizophrenia or bipolar disorder: A population‐based study using nationwide registers},
   journal = {Acta Psychiatrica Scandinavica},
   volume = {143},
   number = {1},
   pages = {61-71},
   ISSN = {0001-690X},
   DOI = {10.1111/acps.13254},
   year = {2021},
   type = {Journal Article}
}

@article{RN4754,
   author = {Holt-Lunstad, Julianne and Smith, Timothy B and Layton, J Bradley},
   title = {Social relationships and mortality risk: a meta-analytic review},
   journal = {PLoS medicine},
   volume = {7},
   number = {7},
   pages = {e1000316},
   ISSN = {1549-1676},
   year = {2010},
   type = {Journal Article}
}

@article{RN4801,
   author = {Honeycutt, Nathan and Jussim, Lee},
   title = {A model of political bias in social science research},
   journal = {Psychological Inquiry},
   volume = {31},
   number = {1},
   pages = {73-85},
   ISSN = {1047-840X},
   year = {2020},
   type = {Journal Article}
}

@article{RN2399,
   author = {Houston, Rab A},
   title = {Asylums: the historical perspective before, during, and after},
   journal = {The Lancet Psychiatry},
   volume = {7},
   number = {4},
   pages = {354-362},
   ISSN = {2215-0366},
   DOI = {10.1016/s2215-0366(19)30395-5},
   year = {2020},
   type = {Journal Article}
}

@book{RN4744,
   author = {Jamieson, Michelle K},
   title = {Austerity Cure: The Impact of Benefit Sanctions on Mental Health},
   publisher = {Luna Press Publishing},
   ISBN = {1913387003},
   year = {2020},
   type = {Book}
}

@article{RN2410,
   author = {Jamieson, Michelle K and Pownall, Madeleine and Govaart, Gisela H},
   title = {Reflexivity in quantitative research: a rationale and beginner’s guide},
   year = {2022},
   type = {Journal Article}
}

@article{RN2321,
   author = {Jenkins, Janis Hunter},
   title = {Subjective experience of persistent schizophrenia and depression among US Latinos and Euro-Americans},
   journal = {British Journal of Psychiatry},
   volume = {171},
   number = {01},
   pages = {20-25},
   ISSN = {0007-1250},
   year = {2018},
   type = {Journal Article}
}

@article{RN2235,
   author = {Johnson, Merri Lisa},
   title = {Neuroqueer Feminism: Turning with Tenderness toward Borderline Personality Disorder},
   journal = {Signs: Journal of Women in Culture and Society},
   volume = {46},
   number = {3},
   pages = {635-662},
   ISSN = {0097-9740},
   DOI = {10.1086/712081},
   year = {2021},
   type = {Journal Article}
}

@article{RN44,
   author = {Jones, Nev and Louis de la Parte Mental Health Institute, University of South Florida Department of Mental Health Law and Policy Tampa Florida and Yale University Department of Psychiatry, Program for Recovery and Community Health New Haven Connecticut and Godzikovskaya, Julia and California, Felton Institute Division for Client Centered Outcomes Research in Public Mental Health San Francisco and Zhao, Zhen and California, Felton Institute Division for Client Centered Outcomes Research in Public Mental Health San Francisco and Vasquez, Anthony and California, Felton Institute Division for Client Centered Outcomes Research in Public Mental Health San Francisco and Gilbert, Al and California, Felton Institute Division for Client Centered Outcomes Research in Public Mental Health San Francisco and Davidson, Larry and Yale University Department of Psychiatry, Program for Recovery and Community Health New Haven Connecticut},
   title = {Intersecting disadvantage: Unpacking poor outcomes within early intervention in psychosis services},
   journal = {Early Intervention in Psychiatry},
   ISSN = {1751-7893},
   DOI = {10.1111/eip.12508},
   url = {http://onlinelibrary.wiley.com/doi/10.1111/eip.12508/abstract
http://onlinelibrary.wiley.com/doi/10.1111/eip.12508/full
http://onlinelibrary.wiley.com/doi/10.1111/eip.12508/pdf},
   year = {2017},
   type = {Journal Article}
}

@book{RN4748,
   author = {Jones, Owen},
   title = {Chavs: The demonization of the working class},
   publisher = {Verso books},
   ISBN = {1839760923},
   year = {2020},
   type = {Book}
}

@article{RN2254,
   author = {Juurlink, TT and Lamers, F and van Marle, HJF and Zwinkels, W and Spijkerman, MA and Beekman, ATF and Anema, JR},
   title = {Individual placement and support and employment in personality disorders: a registry based cohort study},
   journal = {BMC psychiatry},
   volume = {22},
   number = {1},
   pages = {1-9},
   ISSN = {1471-244X},
   year = {2022},
   type = {Journal Article}
}

@article{RN3486,
   author = {Juurlink, Trees T. and Vukadin, Miljana and Stringer, Barbara and Westerman, Marjan J. and Lamers, Femke and Anema, Johannes R. and Beekman, Aartjan T. F. and Van Marle, Hein J. F.},
   title = {Barriers and facilitators to employment in borderline personality disorder: A qualitative study among patients, mental health practitioners and insurance physicians},
   journal = {PLOS ONE},
   volume = {14},
   number = {7},
   pages = {e0220233},
   ISSN = {1932-6203},
   DOI = {10.1371/journal.pone.0220233},
   url = {https://doaj.org/article/7f177b2fc3d346d58892eb4ce75aa07f},
   year = {2019},
   type = {Journal Article}
}

@article{RN4814,
   author = {Kaltenthaler, Eva and Pandor, Abdullah and Wong, Ruth},
   title = {The effectiveness of sexual health interventions for people with severe mental illness: a systematic review},
   journal = {Health technology assessment},
   volume = {18},
   number = {1},
   ISSN = {1366-5278},
   year = {2014},
   type = {Journal Article}
}

@article{RN4763,
   author = {Kankam, Philip Kwaku},
   title = {The use of paradigms in information research},
   journal = {Library & Information Science Research},
   volume = {41},
   number = {2},
   pages = {85-92},
   ISSN = {0740-8188},
   year = {2019},
   type = {Journal Article}
}

@article{RN2394,
   author = {Keely, Thomas},
   title = {Zeroed Down: The Effects of Zero Hours Contracts on Mental Health and The Mechanisms Behind Them},
   ISSN = {0143-4543},
   year = {2021},
   type = {Journal Article}
}

@article{RN3497,
   author = {Kendler, Kenneth S.},
   title = {The Development of Kraepelin’s Concept of Dementia Praecox},
   journal = {JAMA Psychiatry},
   volume = {77},
   number = {11},
   pages = {1181},
   ISSN = {2168-622X},
   DOI = {10.1001/jamapsychiatry.2020.1266},
   year = {2020},
   type = {Journal Article}
}

@article{RN4788,
   author = {Kerr, Norbert L},
   title = {HARKing: Hypothesizing after the results are known},
   journal = {Personality and social psychology review},
   volume = {2},
   number = {3},
   pages = {196-217},
   ISSN = {1088-8683},
   year = {1998},
   type = {Journal Article}
}

@article{RN4724,
   author = {Kim, Eun Jung and Skinner, Tina and Parish, Susan L},
   title = {A study on intersectional discrimination in employment against disabled women in the UK},
   journal = {Disability & Society},
   volume = {35},
   number = {5},
   pages = {715-737},
   ISSN = {0968-7599},
   year = {2020},
   type = {Journal Article}
}

@article{RN4804,
   author = {Kim, Young‐Mee and Cho, Sung‐il},
   title = {Socioeconomic status, work‐life conflict, and mental health},
   journal = {American Journal of Industrial Medicine},
   volume = {63},
   number = {8},
   pages = {703-712},
   ISSN = {0271-3586},
   year = {2020},
   type = {Journal Article}
}

@inbook{RN3502,
   author = {Kinderman, Peter},
   title = {Labels are for Products, not People},
   booktitle = {A Manifesto for Mental Health},
   publisher = {Springer International Publishing},
   pages = {103-131},
   DOI = {10.1007/978-3-030-24386-9_5},
   year = {2019},
   type = {Book Section}
}

@article{RN4738,
   author = {King, Michael},
   title = {Stigma in psychiatry seen through the lens of sexuality and gender},
   journal = {BJPsych international},
   volume = {16},
   number = {4},
   pages = {77-80},
   ISSN = {2056-4740},
   year = {2019},
   type = {Journal Article}
}

@article{RN4778,
   author = {Kingdon, Carol},
   title = {Reflexivity: Not just a qualitative methodological research tool},
   journal = {British Journal of Midwifery},
   volume = {13},
   number = {10},
   pages = {622-627},
   ISSN = {0969-4900},
   year = {2005},
   type = {Journal Article}
}

@article{RN3540,
   author = {Kinn, Liv Grethe and Holgersen, Helge and Aas, Randi W. and Davidson, Larry},
   title = {“Balancing on Skates on the Icy Surface of Work”: A Metasynthesis of Work Participation for Persons with Psychiatric Disabilities},
   journal = {Journal of Occupational Rehabilitation},
   volume = {24},
   number = {1},
   pages = {125-138},
   ISSN = {1053-0487},
   DOI = {10.1007/s10926-013-9445-x},
   year = {2014},
   type = {Journal Article}
}

@article{RN4723,
   author = {Kjær, Jesper N⊘ rgaard and Biskin, Robert and Vestergaard, Claus and Munk-J⊘ rgensen, Povl},
   title = {All-cause mortality of hospital-treated borderline personality disorder: a nationwide cohort study},
   journal = {Journal of personality disorders},
   volume = {34},
   number = {6},
   pages = {723-735},
   ISSN = {0885-579X},
   year = {2020},
   type = {Journal Article}
}

@article{RN4812,
   author = {Kromydas, Theocharis and Thomson, Rachel M and Pulford, Andrew and Green, Michael J and Katikireddi, S Vittal},
   title = {Which is most important for mental health: Money, poverty, or paid work? A fixed-effects analysis of the UK Household Longitudinal Study},
   journal = {SSM-population Health},
   volume = {15},
   pages = {100909},
   ISSN = {2352-8273},
   year = {2021},
   type = {Journal Article}
}

@article{RN2357,
   author = {Ku, Benson S and Compton, Michael T and Walker, Elaine F and Druss, Benjamin G},
   title = {Social Fragmentation and Schizophrenia: A Systematic Review},
   journal = {The Journal of clinical psychiatry},
   volume = {83},
   number = {1},
   pages = {38587},
   ISSN = {0160-6689},
   year = {2021},
   type = {Journal Article}
}

@misc{RN3590,
   year = {2020},
   type = {Generic}
}

@article{RN4774,
   author = {Lafrance, Michelle N and Wigginton, Britta},
   title = {Doing critical feminist research: A Feminism & Psychology reader},
   journal = {Feminism & Psychology},
   volume = {29},
   number = {4},
   pages = {534-552},
   ISSN = {0959-3535},
   year = {2019},
   type = {Journal Article}
}

@article{RN4718,
   author = {Lazard, Lisa and McAvoy, Jean},
   title = {Doing reflexivity in psychological research: What’s the point? What’s the practice?},
   journal = {Qualitative research in psychology},
   volume = {17},
   number = {2},
   pages = {159-177},
   ISSN = {1478-0887},
   year = {2020},
   type = {Journal Article}
}

@article{RN4797,
   author = {Ledgerwood, Alison and Hudson, Sa-kiera Tiarra Jolynn and Lewis Jr, Neil A and Maddox, Keith B and Pickett, Cynthia L and Remedios, Jessica D and Cheryan, Sapna and Diekman, Amanda B and Dutra, Natalia B and Goh, Jin X},
   title = {The pandemic as a portal: Reimagining psychological science as truly open and inclusive},
   journal = {Perspectives on Psychological Science},
   volume = {17},
   number = {4},
   pages = {937-959},
   ISSN = {1745-6916},
   year = {2022},
   type = {Journal Article}
}

@book{RN4753,
   author = {Leff, Julian and Warner, Richard},
   title = {Social inclusion of people with mental illness},
   publisher = {Cambridge University Press},
   ISBN = {1139455397},
   year = {2006},
   type = {Book}
}

@article{RN4798,
   author = {Lehner, Paul Edward and Adelman, Leonard and Cheikes, Brant A and Brown, Mark J},
   title = {Confirmation bias in complex analyses},
   journal = {IEEE Transactions on Systems, Man, and Cybernetics-Part A: Systems and Humans},
   volume = {38},
   number = {3},
   pages = {584-592},
   ISSN = {1083-4427},
   year = {2008},
   type = {Journal Article}
}

@article{RN2419,
   author = {Lerum, Kari},
   title = {Subjects of desire: Academic armor, intimate ethnography, and the production of critical knowledge},
   journal = {Qualitative Inquiry},
   volume = {7},
   number = {4},
   pages = {466-483},
   ISSN = {1077-8004},
   year = {2001},
   type = {Journal Article}
}

@book{RN4790,
   author = {Magnusson, Eva and Marecek, Jeanne},
   title = {Gender and culture in psychology: Theories and practices},
   publisher = {Cambridge University Press},
   ISBN = {110701803X},
   year = {2012},
   type = {Book}
}

@article{RN144,
   author = {Mangurian, Christina and Newcomer, John W and Modlin, Chelsea and Schillinger, Dean},
   title = {Diabetes and cardiovascular care among people with severe mental illness: a literature review},
   journal = {Journal of general internal medicine},
   volume = {31},
   number = {9},
   pages = {1083-1091},
   ISSN = {0884-8734},
   year = {2016},
   type = {Journal Article}
}

@article{RN149,
   author = {Manu, Peter and Dima, L and Shulman, M and Vancampfort, Davy and De Hert, Marc and Correll, CU},
   title = {Weight gain and obesity in schizophrenia: epidemiology, pathobiology, and management},
   journal = {Acta Psychiatrica Scandinavica},
   volume = {132},
   number = {2},
   pages = {97-108},
   ISSN = {1600-0447},
   year = {2015},
   type = {Journal Article}
}

@inbook{RN3587,
   author = {Maree, David J. F.},
   title = {The Methodological Division: Quantitative and Qualitative Methods},
   booktitle = {Realism and Psychological Science},
   publisher = {Springer International Publishing},
   pages = {13-42},
   DOI = {10.1007/978-3-030-45143-1_2},
   year = {2020},
   type = {Book Section}
}

@article{RN3576,
   author = {Martini, Alberto and Rettore, Enrico and Barbetta, Gian Paolo and Sandrolini, Fabio},
   title = {When Non-Compliance Carries the Day: Evaluating the Effectiveness of an Employment Program for the Severely Mentally Ill},
   journal = {Evaluation Review},
   pages = {0193841X2110496},
   ISSN = {0193-841X},
   DOI = {10.1177/0193841x211049685},
   year = {2021},
   type = {Journal Article}
}

@article{RN154,
   author = {Marwaha, Steven and Johnson, Sonia},
   title = {Schizophrenia and employment},
   journal = {Social psychiatry and psychiatric epidemiology},
   volume = {39},
   number = {5},
   pages = {337-349},
   ISSN = {0933-7954},
   year = {2004},
   type = {Journal Article}
}

@article{RN2358,
   author = {Marzetti, Hazel and McDaid, Lisa and O'Connor, Rory},
   title = {“Am I really alive?”: Understanding the role of homophobia, biphobia and transphobia in young LGBT+ people's suicidal distress},
   journal = {Social Science & Medicine},
   volume = {298},
   pages = {114860},
   ISSN = {0277-9536},
   year = {2022},
   type = {Journal Article}
}

@article{RN2363,
   author = {Mcelroy, Eoin and Mcintyre, Jason C. and Bentall, Richard P. and Wilson, Tim and Holt, Keith and Kullu, Cecil and Nathan, Rajan and Kerr, Andrew and Panagaki, Katerina and Mckeown, Mick and Saini, Pooja and Gabbay, Mark and Corcoran, Rhiannon},
   title = {Mental Health, Deprivation, and the Neighborhood Social Environment: A Network Analysis},
   journal = {Clinical Psychological Science},
   volume = {7},
   number = {4},
   pages = {719-734},
   ISSN = {2167-7026},
   DOI = {10.1177/2167702619830640},
   year = {2019},
   type = {Journal Article}
}

@article{RN4776,
   author = {McGowan, William},
   title = {‘If you didn’t laugh, you’d cry’: Emotional labour, reflexivity and ethics-as-practice in a qualitative fieldwork context},
   journal = {Methodological Innovations},
   volume = {13},
   number = {2},
   pages = {2059799120926086},
   ISSN = {2059-7991},
   year = {2020},
   type = {Journal Article}
}

@article{RN2349,
   author = {McGrath, Laura and Griffin, Vanessa and Mundy, Ed},
   title = {The psychological impact of austerity: a briefing paper},
   journal = {Educational Psychology Research and Practice},
   volume = {2},
   number = {2},
   pages = {46-57},
   ISSN = {2059-8963},
   year = {2016},
   type = {Journal Article}
}

@article{RN3582,
   author = {McManus, Sally and Bebbington, Paul E and Jenkins, Rachel and Morgan, Zoe and Brown, Laura and Collinson, Dan and Brugha, Traolach},
   title = {Data Resource Profile: Adult Psychiatric Morbidity Survey (APMS)},
   journal = {International Journal of Epidemiology},
   volume = {49},
   number = {2},
   pages = {361-362e},
   ISSN = {0300-5771},
   DOI = {10.1093/ije/dyz224},
   year = {2020},
   type = {Journal Article}
}

@book{RN4806,
   author = {McRobbie, Angela},
   title = {Feminism and the politics of resilience: Essays on gender, media and the end of welfare},
   publisher = {John Wiley & Sons},
   ISBN = {1509525084},
   year = {2020},
   type = {Book}
}

@article{RN4767,
   author = {Metz, Deborah and Jungbauer, Johannes},
   title = {“My scars remain forever”: A qualitative study on biographical developments in adult children of parents with mental illness},
   journal = {Clinical Social Work Journal},
   volume = {49},
   pages = {64-76},
   ISSN = {0091-1674},
   year = {2021},
   type = {Journal Article}
}

@book{RN4737,
   author = {Mills, China},
   title = {Decolonizing Global Mental Health
The psychiatrization of the majority world},
   year = {2014},
   type = {Book}
}

@article{RN4740,
   author = {Mills, China},
   title = {The psychiatrization of poverty: Rethinking the mental health–poverty nexus},
   journal = {Social and Personality Psychology Compass},
   volume = {9},
   number = {5},
   pages = {213-222},
   ISSN = {1751-9004},
   year = {2015},
   type = {Journal Article}
}

@article{RN3511,
   author = {Mills, China},
   title = {‘Dead people don’t claim’: A psychopolitical autopsy of UK austerity suicides},
   journal = {Critical Social Policy},
   volume = {38},
   number = {2},
   pages = {302-322},
   ISSN = {0261-0183},
   DOI = {10.1177/0261018317726263},
   year = {2018},
   type = {Journal Article}
}

@book{RN4765,
   author = {Mills, C. W},
   title = {The Sociological Imagination},
   publisher = {Open University Press},
   address = {London},
   year = {2000},
   type = {Book}
}

@article{RN373,
   author = {Milner, A. and Page, A. and LaMontagne, A. D.},
   title = {Cause and effect in studies on unemployment, mental health and suicide: a meta-analytic and conceptual review},
   journal = {Psychological Medicine},
   volume = {44},
   number = {5},
   pages = {909-917},
   ISSN = {1469-8978},
   DOI = {10.1017/S0033291713001621},
   url = {http://www.ncbi.nlm.nih.gov/pubmed/23834819},
   year = {2014},
   type = {Journal Article}
}

@article{RN371,
   author = {Modini, Matthew and Joyce, Sadhbh and Mykletun, Arnstein and Christensen, Helen and Bryant, Richard A. and Mitchell, Philip B. and Harvey, Samuel B.},
   title = {The mental health benefits of employment: Results of a systematic meta-review},
   journal = {Australasian Psychiatry: Bulletin of Royal Australian and New Zealand College of Psychiatrists},
   volume = {24},
   number = {4},
   pages = {331-336},
   ISSN = {1440-1665},
   DOI = {10.1177/1039856215618523},
   url = {http://www.ncbi.nlm.nih.gov/pubmed/26773063},
   year = {2016},
   type = {Journal Article}
}

@article{RN4815,
   author = {Mohammad, Salahuddin and Miguet, Maud and Rukh, Gull and Schiöth, Helgi B and Mwinyi, Jessica},
   title = {Job satisfaction and job tenure of people with mental health disorders: a UK Biobank cohort study},
   journal = {Scandinavian Journal of Public Health},
   pages = {14034948221119639},
   ISSN = {1403-4948},
   year = {2022},
   type = {Journal Article}
}

@inbook{RN2328,
   author = {Moncrieff, Joanna},
   title = {The myth of the chemical cure},
   booktitle = {The Myth of the Chemical Cure},
   publisher = {Springer},
   pages = {217-224},
   year = {2008},
   type = {Book Section}
}

@article{RN143,
   author = {Monnelly, Edward P and Fonda, Jennifer and Gagnon, David R and Chittamooru, Subha and Lawler, Elizabeth V},
   title = {Weight gain on antipsychotic medication is associated with sustained use among veterans with schizophrenia},
   journal = {Journal of clinical psychopharmacology},
   volume = {35},
   number = {1},
   pages = {57-62},
   ISSN = {0271-0749},
   year = {2015},
   type = {Journal Article}
}

@article{RN3593,
   author = {Mood, C.},
   title = {Logistic Regression: Why We Cannot Do What We Think We Can Do, and What We Can Do About It},
   journal = {European Sociological Review},
   volume = {26},
   number = {1},
   pages = {67-82},
   ISSN = {0266-7215},
   DOI = {10.1093/esr/jcp006},
   year = {2010},
   type = {Journal Article}
}

@article{RN370,
   author = {Moore, T. H. M. and Kapur, N. and Hawton, K. and Richards, A. and Metcalfe, C. and Gunnell, D.},
   title = {Interventions to reduce the impact of unemployment and economic hardship on mental health in the general population: a systematic review},
   journal = {Psychological Medicine},
   volume = {47},
   number = {6},
   pages = {1062-1084},
   ISSN = {0033-2917, 1469-8978},
   DOI = {10.1017/S0033291716002944},
   url = {https://www.cambridge.org/core/journals/psychological-medicine/article/interventions-to-reduce-the-impact-of-unemployment-and-economic-hardship-on-mental-health-in-the-general-population-a-systematic-review/24EE648D86B589DEE23DF4FF94ACF685},
   year = {2017},
   type = {Journal Article}
}

@article{RN2397,
   author = {Morant, Nicola and Azam, Kiran and Johnson, Sonia and Moncrieff, Joanna},
   title = {The least worst option: user experiences of antipsychotic medication and lack of involvement in medication decisions in a UK community sample},
   journal = {Journal of Mental Health},
   volume = {27},
   number = {4},
   pages = {322-328},
   ISSN = {0963-8237},
   DOI = {10.1080/09638237.2017.1370637},
   url = {http://discovery.ucl.ac.uk/1572279/1/Johnson-I_least%20worst%20option_JMH_accepted.pdf},
   year = {2018},
   type = {Journal Article}
}

@article{RN3531,
   author = {Morris, Alan},
   title = {Linking diabetes and schizophrenia},
   journal = {Nature Reviews Endocrinology},
   volume = {13},
   number = {3},
   pages = {126-126},
   ISSN = {1759-5029},
   DOI = {10.1038/nrendo.2017.13},
   year = {2017},
   type = {Journal Article}
}

@article{RN4796,
   author = {Moshontz, Hannah and Campbell, Lorne and Ebersole, Charles R and IJzerman, Hans and Urry, Heather L and Forscher, Patrick S and Grahe, Jon E and McCarthy, Randy J and Musser, Erica D and Antfolk, Jan},
   title = {The Psychological Science Accelerator: Advancing psychology through a distributed collaborative network},
   journal = {Advances in Methods and Practices in Psychological Science},
   volume = {1},
   number = {4},
   pages = {501-515},
   ISSN = {2515-2459},
   year = {2018},
   type = {Journal Article}
}

@article{RN4785,
   author = {Moss, Sigrun Marie and Uluğ, Özden Melis and Acar, Yasemin Gülsüm},
   title = {Doing research in conflict contexts: Practical and ethical challenges for researchers when conducting fieldwork},
   journal = {Peace and Conflict: Journal of Peace Psychology},
   volume = {25},
   number = {1},
   pages = {86},
   ISSN = {1532-7949},
   year = {2019},
   type = {Journal Article}
}

@article{RN4766,
   author = {Murphy, Gillian and Peters, Kath and Wilkes, Lesley and Jackson, Debra},
   title = {Adult children of parents with mental illness: Navigating stigma},
   journal = {Child & Family Social Work},
   volume = {22},
   number = {1},
   pages = {330-338},
   ISSN = {1356-7500},
   year = {2017},
   type = {Journal Article}
}

@article{RN4762,
   author = {Neubauer, Brian E and Witkop, Catherine T and Varpio, Lara},
   title = {How phenomenology can help us learn from the experiences of others},
   journal = {Perspectives on medical education},
   volume = {8},
   pages = {90-97},
   ISSN = {2212-2761},
   year = {2019},
   type = {Journal Article}
}

@article{RN2634,
   author = {Ng, Marie and Fleming, Tom and Robinson, Margaret and Thomson, Blake and Graetz, Nicholas and Margono, Christopher and Mullany, Erin C. and Biryukov, Stan and Abbafati, Cristiana and Abera, Semaw Ferede and Abraham, Jerry P. and Abu-Rmeileh, Niveen M. E. and Achoki, Tom and AlBuhairan, Fadia S. and Alemu, Zewdie A. and Alfonso, Rafael and Ali, Mohammed K. and Ali, Raghib and Guzman, Nelson Alvis and Ammar, Walid and Anwari, Palwasha and Banerjee, Amitava and Barquera, Simon and Basu, Sanjay and Bennett, Derrick A. and Bhutta, Zulfiqar and Blore, Jed and Cabral, Norberto and Nonato, Ismael Campos and Chang, Jung-Chen and Chowdhury, Rajiv and Courville, Karen J. and Criqui, Michael H. and Cundiff, David K. and Dabhadkar, Kaustubh C. and Dandona, Lalit and Davis, Adrian and Dayama, Anand and Dharmaratne, Samath D. and Ding, Eric L. and Durrani, Adnan M. and Esteghamati, Alireza and Farzadfar, Farshad and Fay, Derek F. J. and Feigin, Valery L. and Flaxman, Abraham and Forouzanfar, Mohammad H. and Goto, Atsushi and Green, Mark A. and Gupta, Rajeev and Hafezi-Nejad, Nima and Hankey, Graeme J. and Harewood, Heather C. and Havmoeller, Rasmus and Hay, Simon and Hernandez, Lucia and Husseini, Abdullatif and Idrisov, Bulat T. and Ikeda, Nayu and Islami, Farhad and Jahangir, Eiman and Jassal, Simerjot K. and Jee, Sun Ha and Jeffreys, Mona and Jonas, Jost B. and Kabagambe, Edmond K. and Khalifa, Shams Eldin Ali Hassan and Kengne, Andre Pascal and Khader, Yousef Saleh and Khang, Young-Ho and Kim, Daniel and Kimokoti, Ruth W. and Kinge, Jonas M. and Kokubo, Yoshihiro and Kosen, Soewarta and Kwan, Gene and Lai, Taavi and Leinsalu, Mall and Li, Yichong and Liang, Xiaofeng and Liu, Shiwei and Logroscino, Giancarlo and Lotufo, Paulo A. and Lu, Yuan and Ma, Jixiang and Mainoo, Nana Kwaku and Mensah, George A. and Merriman, Tony R. and Mokdad, Ali H. and Moschandreas, Joanna and Naghavi, Mohsen and Naheed, Aliya and Nand, Devina and Narayan, K. M. Venkat and Nelson, Erica Leigh and Neuhouser, Marian L. and Nisar, Muhammad Imran and Ohkubo, Takayoshi and Oti, Samuel O. and Pedroza, Andrea and others },
   title = {Global, regional, and national prevalence of overweight and obesity in children and adults during 1980-2013: a systematic analysis for the Global Burden of Disease Study 2013},
   journal = {Lancet (London, England)},
   volume = {384},
   number = {9945},
   pages = {766-781},
   ISSN = {1474-547X},
   DOI = {10.1016/S0140-6736(14)60460-8},
   url = {http://www.ncbi.nlm.nih.gov/pubmed/24880830},
   year = {2014},
   type = {Journal Article}
}

@article{RN4719,
   author = {Ngunjiri, Faith Wambura and Hernandez, Kathy-Ann C and Chang, Heewon},
   title = {Living autoethnography: Connecting life and research},
   journal = {Journal of research practice},
   volume = {6},
   number = {1},
   pages = {E1-E1},
   ISSN = {1712-851X},
   year = {2010},
   type = {Journal Article}
}

@article{RN4726,
   author = {Nicaise, Alexandra M and Willis, Cory M and Crocker, Stephen J and Pluchino, Stefano},
   title = {Stem cells of the aging brain},
   journal = {Frontiers in Aging Neuroscience},
   volume = {12},
   pages = {247},
   ISSN = {1663-4365},
   year = {2020},
   type = {Journal Article}
}

@article{RN2383,
   author = {Novais, Filipa and Araujo, Andreia Monteiro and Godinho, Paula},
   title = {Historical roots of histrionic personality disorder},
   journal = {Frontiers in psychology},
   pages = {1463},
   ISSN = {1664-1078},
   year = {2015},
   type = {Journal Article}
}

@article{RN4773,
   author = {Olukotun, Oluwatoyin and Mkandawire, Elizabeth and Antilla, Jeri and Alfaifa, Faten and Weitzel, Jennifer and Scheer, Victoria and Olukotun, Mary and Mkandawire-Valhmu, Lucy},
   title = {An Analysis of Reflections on Researcher Positionality},
   journal = {Qualitative Report},
   volume = {26},
   number = {5},
   ISSN = {1052-0147},
   year = {2021},
   type = {Journal Article}
}

@techreport{RN2274,
   author = {World Health Organisation, WHO},
   title = {Depression and other common mental disorders: global health estimates},
   institution = {World Health Organization},
   year = {2017},
   type = {Report}
}

@book{RN2238,
   author = {World Health Organisation, WHO},
   title = {ICD-11: International classification of diseases},
   edition = {11},
   url = {https://icd.who.int/},
   year = {2019},
   type = {Book}
}

@article{RN4720,
   author = {Oswald, Austin Gerhard and Bussey, Sarah and Thompson, Monica and Ortega-Williams, Anna},
   title = {Disrupting hegemony in social work doctoral education and research: Using autoethnography to uncover possibilities for radical transformation},
   journal = {Qualitative Social Work},
   volume = {21},
   number = {1},
   pages = {112-128},
   ISSN = {1473-3250},
   year = {2022},
   type = {Journal Article}
}

@article{RN2319,
   author = {Papathanasiou, C and Stylianidis, S},
   title = {Mental Health Professionals' Attitudes towards Patients with Borderline Personality Disorder: The Role of Disgust},
   journal = {Int J Psychiatr Res},
   volume = {5},
   number = {1},
   pages = {1-13},
   year = {2022},
   type = {Journal Article}
}

@article{RN4764,
   author = {Park, Yoon Soo and Konge, Lars and Artino, Anthony R},
   title = {The positivism paradigm of research},
   journal = {Academic Medicine},
   volume = {95},
   number = {5},
   pages = {690-694},
   ISSN = {1040-2446},
   year = {2020},
   type = {Journal Article}
}

@article{RN911,
   author = {Pattaro, Serena and Bailey, Nick and Dibben, Chris},
   title = {Using Linked Longitudinal Administrative Data to Identify Social Disadvantage},
   journal = {Social Indicators Research},
   volume = {147},
   number = {3},
   pages = {865-895},
   ISSN = {1573-0921},
   DOI = {10.1007/s11205-019-02173-1},
   url = {https://doi.org/10.1007/s11205-019-02173-1},
   year = {2020},
   type = {Journal Article}
}

@article{RN4721,
   author = {Pearson, Ella and Siskind, Dan and Hubbard, Ruth E and Gordon, Emily H and Coulson, Elizabeth and Warren, Nicola},
   title = {Frailty and severe mental illness: a systematic review and narrative synthesis},
   journal = {Journal of Psychiatric Research},
   ISSN = {0022-3956},
   year = {2022},
   type = {Journal Article}
}

@article{RN3578,
   author = {Penner and Dodge},
   title = {Using Administrative Data for Social Science and Policy},
   journal = {RSF: The Russell Sage Foundation Journal of the Social Sciences},
   volume = {5},
   number = {3},
   pages = {1},
   ISSN = {2377-8253},
   DOI = {10.7758/rsf.2019.5.3.01},
   year = {2019},
   type = {Journal Article}
}

@misc{RN1111,
author = {Office for National Statistics, ONS},
   url = {https://www.gov.uk/government/publications/2010-to-2015-government-policy-welfare-reform/2010-to-2015-government-policy-welfare-reform},
   year = {2017},
   type = {Government Document}
}

@article{RN4799,
   author = {Phillippi, Julia and Lauderdale, Jana},
   title = {A guide to field notes for qualitative research: Context and conversation},
   journal = {Qualitative health research},
   volume = {28},
   number = {3},
   pages = {381-388},
   ISSN = {1049-7323},
   year = {2018},
   type = {Journal Article}
}

@book{RN4734,
   author = {Pilling, Merrick Daniel},
   title = {Queer and trans madness: Struggles for social justice},
   publisher = {Springer},
   ISBN = {303090413X},
   year = {2022},
   type = {Book}
}

@article{RN4717,
   author = {Pillow, Wanda},
   title = {Confession, catharsis, or cure? Rethinking the uses of reflexivity as methodological power in qualitative research},
   journal = {International journal of qualitative studies in education},
   volume = {16},
   number = {2},
   pages = {175-196},
   ISSN = {0951-8398},
   year = {2003},
   type = {Journal Article}
}

@article{RN4791,
   author = {Piro, Jody and Anderson, Gina},
   title = {Discussions in a Socrates Café: Implications for critical thinking in teacher education},
   journal = {Action in Teacher Education},
   volume = {37},
   number = {3},
   pages = {265-283},
   ISSN = {0162-6620},
   year = {2015},
   type = {Journal Article}
}

@article{RN3517,
   author = {Ploetner, Caroline and Telford, Morgan and Brækkan, Karina and Mullen, Kenneth and Turnbull, Sue and Gumley, Andrew and Allan, Stephanie},
   title = {Understanding and improving the experience of claiming social security for mental health problems in the west of Scotland: A participatory social welfare study},
   journal = {Journal of Community Psychology},
   volume = {48},
   number = {3},
   pages = {675-692},
   ISSN = {0090-4392},
   DOI = {10.1002/jcop.22278},
   year = {2020},
   type = {Journal Article}
}

@article{RN2396,
   author = {Poulter, Hannah and Eberhardt, Judith and Moore, Helen and Windgassen, Sula},
   title = {“Bottom of the Pile”: Health Behaviors within the Context of In-work Poverty in North East England},
   journal = {Journal of Poverty},
   pages = {1-20},
   ISSN = {1087-5549},
   DOI = {10.1080/10875549.2021.2023721},
   year = {2022},
   type = {Journal Article}
}

@misc{RN4808,
   url = {https://www.rcpsych.ac.uk/docs/default-source/improving-care/better-mh-policy/college-reports/college-report-cr221.pdf?sfvrsn=bef8f65d_2},
   year = {2016},
   type = {Web Page}
}

@article{RN3510,
   author = {Pybus, Katie and Pickett, Kate. E. and Lloyd, Charlie and Prady, Stephanie and Wilkinson, Emeritus Richard},
   title = {Functional assessments in the UK social security system: the experiences of claimants with mental health conditions},
   journal = {Journal of Social Policy},
   volume = {50},
   number = {2},
   pages = {305-322},
   ISSN = {0047-2794},
   DOI = {10.1017/s0047279420000094},
   year = {2021},
   type = {Journal Article}
}

@article{RN146,
   author = {Raben, Alex T and Marshe, Victoria S and Chintoh, Araba and Gorbovskaya, Ilona and Müller, Daniel J and Hahn, Margaret},
   title = {The complex relationship between antipsychotic-induced weight gain and therapeutic benefits: A systematic review and implications for treatment},
   journal = {Frontiers in Neuroscience},
   volume = {11},
   pages = {741},
   ISSN = {1662-453X},
   year = {2017},
   type = {Journal Article}
}

@article{RN4821,
   author = {Ralston, Kevin and Everington, Dawn and Feng, Zhiqiang and Dibben, Chris},
   title = {Economic inactivity, not in employment, education or training (NEET) and scarring: the importance of NEET as a marker of long-term disadvantage},
   journal = {Work, Employment and Society},
   volume = {36},
   number = {1},
   pages = {59-79},
   ISSN = {0950-0170},
   year = {2022},
   type = {Journal Article}
}

@article{RN4822,
   author = {Ralston, Kevin and Formby, Adam},
   title = {Inequality restructured: A regional comparison of the occupational position of young people before and after the Great Recession of 2008},
   journal = {People Place and Policy},
   volume = {14},
   number = {2},
   pages = {90-112},
   ISSN = {1753-8041},
   year = {2020},
   type = {Journal Article}
}

@article{RN4820,
   author = {Ralston, Kevin and Gayle, Vernon},
   title = {Exploring ‘generations’ and ‘cultures’ of worklessness in Contemporary Britain},
   journal = {Youth & Policy},
   pages = {1},
   ISSN = {0262-9798},
   year = {2017},
   type = {Journal Article}
}

@article{RN2340,
   author = {Ratnayake, Sahanika},
   title = {‘I will never love anyone like that again’: cognitive behavioural therapy and the pathologisation and medicalisation of ordinary experiences},
   journal = {Medical Humanities},
   ISSN = {1468-215X},
   year = {2021},
   type = {Journal Article}
}

@misc{RN2378,
   year = {2019},
   type = {Conference Paper}
}

@article{RN2276,
   author = {Rehm, Jürgen and Shield, Kevin D},
   title = {Global burden of disease and the impact of mental and addictive disorders},
   journal = {Current psychiatry reports},
   volume = {21},
   number = {2},
   pages = {1-7},
   ISSN = {1535-1645},
   year = {2019},
   type = {Journal Article}
}

@article{RN4747,
   author = {Repper, Julie and Perkins, Rachel},
   title = {Recovery and social inclusion},
   journal = {Mental health nursing skills},
   pages = {85-95},
   year = {2009},
   type = {Journal Article}
}

@inbook{RN3412,
   author = {Rimke, Heidi},
   title = {Sickening Institutions: A Feminist Sociological Analysis and Critique of Religion, Medicine, and Psychiatry},
   booktitle = {Containing Madness},
   publisher = {Springer International Publishing},
   pages = {15-39},
   DOI = {10.1007/978-3-319-89749-3_2},
   year = {2018},
   type = {Book Section}
}

@article{RN208,
   author = {Rinaldi, Miles and Killackey, Eoin and Smith, Jo and Shepherd, Geoff and Singh, Swaran P and Craig, Tom},
   title = {First episode psychosis and employment: a review},
   journal = {International Review of Psychiatry},
   volume = {22},
   number = {2},
   pages = {148-162},
   ISSN = {0954-0261},
   year = {2010},
   type = {Journal Article}
}

@inbook{RN2379,
   author = {Rissanen, Anu},
   title = {Treatment and Rehabilitation: Patients at Work in Finnish Mental Institutions},
   booktitle = {Encountering Crises of the Mind},
   publisher = {Brill},
   pages = {196-221},
   ISBN = {9004308539},
   year = {2018},
   type = {Book Section}
}

@article{RN4746,
   author = {Rizza, Roberto and Fioritti, Angelo},
   title = {Is individual placement and support an “active” labor market policy?},
   journal = {Psychiatric Rehabilitation Journal},
   volume = {43},
   number = {1},
   pages = {60},
   ISSN = {1433893460},
   year = {2020},
   type = {Journal Article}
}

@book{RN4781,
   author = {Rogers, Wendy Stainton},
   title = {Perspectives on Social Psychology: A Psychology of Human Being},
   publisher = {Routledge},
   ISBN = {1351386182},
   year = {2019},
   type = {Book}
}

@article{RN3591,
   author = {Rönkkö, Mikko and Aalto, Eero and Tenhunen, Henni and Aguirre-Urreta, Miguel I.},
   title = {Eight Simple Guidelines for Improved Understanding of Transformations and Nonlinear Effects},
   journal = {Organizational Research Methods},
   volume = {25},
   number = {1},
   pages = {48-87},
   ISSN = {1094-4281},
   DOI = {10.1177/1094428121991907},
   year = {2022},
   type = {Journal Article}
}

@article{RN4803,
   author = {Rosenberg, Shoshana and Tilley, PJ Matt},
   title = {‘A point of reference’: the insider/outsider research staircase and transgender people’s experiences of participating in trans-led research},
   journal = {Qualitative Research},
   volume = {21},
   number = {6},
   pages = {923-938},
   ISSN = {1468-7941},
   year = {2021},
   type = {Journal Article}
}

@article{RN2382,
   author = {Rosenthal, S and Campbell, P},
   title = {Marxism and Psychology},
   journal = {Toronto: ReMarx},
   year = {2016},
   type = {Journal Article}
}

@phdthesis{RN2306,
   author = {Rothman, Olivia M},
   title = {Deconstructing the “Othering” of People With Schizophrenia or Perceptual Differences: A Hermeneutic Phenomenological Research Study Examining the Construct of Love},
   university = {Carlow University},
   year = {2021},
   type = {Thesis}
}

@article{RN4777,
   author = {Ryan, Louise and Golden, Anne},
   title = {‘Tick the box please’: A reflexive approach to doing quantitative social research},
   journal = {Sociology},
   volume = {40},
   number = {6},
   pages = {1191-1200},
   ISSN = {0038-0385},
   year = {2006},
   type = {Journal Article}
}

@article{RN2375,
   author = {Sabella, Kathryn},
   title = {Factors that hinder or facilitate the continuous pursuit of education, training, and employment among young adults with serious mental health conditions},
   journal = {Psychiatric Rehabilitation Journal},
   ISSN = {1559-3126},
   year = {2021},
   type = {Journal Article}
}

@article{RN3425,
   author = {Sale, Joanna E. M. and Lohfeld, Lynne H. and Brazil, Kevin},
   journal = {Quality and Quantity},
   volume = {36},
   number = {1},
   pages = {43-53},
   ISSN = {0033-5177},
   DOI = {10.1023/a:1014301607592},
   url = {https://link.springer.com/10.1023/A:1014301607592},
   year = {2002},
   type = {Journal Article}
}

@article{RN3526,
   author = {Salter, Michael and Hall, Heather},
   title = {Reducing Shame, Promoting Dignity: A Model for the Primary Prevention of Complex Post-Traumatic Stress Disorder},
   journal = {Trauma, Violence, & Abuse},
   pages = {152483802097966},
   ISSN = {1524-8380},
   DOI = {10.1177/1524838020979667},
   year = {2020},
   type = {Journal Article}
}

@article{RN2369,
   author = {Sansone, Randy A and Sansone, Lori A},
   title = {Gender patterns in borderline personality disorder},
   journal = {Innovations in clinical neuroscience},
   volume = {8},
   number = {5},
   pages = {16},
   year = {2011},
   type = {Journal Article}
}

@article{RN4736,
   author = {Schäfer, Ingo and Fisher, Helen L},
   title = {Childhood trauma and psychosis-what is the evidence?},
   journal = {Dialogues in clinical neuroscience},
   year = {2022},
   type = {Journal Article}
}

@article{RN2264,
   author = {Scholz, Frederike and Ingold, Jo},
   title = {Activating the ‘ideal jobseeker’: Experiences of individuals with mental health conditions on the UK Work Programme},
   journal = {Human Relations},
   volume = {74},
   number = {10},
   pages = {1604-1627},
   ISSN = {0018-7267},
   DOI = {10.1177/0018726720934848},
   year = {2021},
   type = {Journal Article}
}

@article{RN3529,
   author = {Seeman, Mary V.},
   title = {Schizophrenia Mortality: Barriers to Progress},
   journal = {Psychiatric Quarterly},
   volume = {90},
   number = {3},
   pages = {553-563},
   ISSN = {0033-2720},
   DOI = {10.1007/s11126-019-09645-0},
   year = {2019},
   type = {Journal Article}
}

@article{RN3435,
   author = {Seery, Christina and Bramham, Jessica and O’Connor, Cliódhna},
   title = {Effects of a psychiatric diagnosis vs a clinical formulation on lay attitudes to people with psychosis},
   journal = {Psychosis},
   volume = {13},
   number = {4},
   pages = {361-372},
   ISSN = {1752-2439},
   DOI = {10.1080/17522439.2021.1901302},
   year = {2021},
   type = {Journal Article}
}

@article{RN4772,
   author = {Shaw, Rachel},
   title = {Embedding reflexivity within experiential qualitative psychology},
   journal = {Qualitative research in psychology},
   volume = {7},
   number = {3},
   pages = {233-243},
   ISSN = {1478-0887},
   year = {2010},
   type = {Journal Article}
}

@article{RN3505,
   author = {Shemtob, Lara and Mujong, Datapwa},
   title = {Language and labels in psychiatry – psychiatry in language},
   journal = {The British Journal of Psychiatry},
   volume = {218},
   number = {2},
   pages = {97-97},
   ISSN = {0007-1250},
   DOI = {10.1192/bjp.2020.222},
   year = {2021},
   type = {Journal Article}
}

@article{RN3547,
   author = {Shildrick, Tracy},
   title = {Lessons from Grenfell: Poverty propaganda, stigma and class power},
   journal = {The Sociological Review},
   volume = {66},
   number = {4},
   pages = {783-798},
   ISSN = {0038-0261},
   DOI = {10.1177/0038026118777424},
   url = {https://eprint.ncl.ac.uk/fulltext.aspx?url=249353/B3E45DA1-B93D-43BE-B343-201D6564BC07.pdf&pub_id=249353},
   year = {2018},
   type = {Journal Article}
}

@article{RN4770,
   author = {Sikes, Pat and Hall, Mel},
   title = {Too close for comfort?: ethical considerations around safeguarding the emotional and mental wellbeing of researchers using auto/biographical approaches to investigate ‘sensitive’topics},
   journal = {International Journal of Research & Method in Education},
   volume = {43},
   number = {2},
   pages = {163-172},
   ISSN = {1743-727X},
   year = {2020},
   type = {Journal Article}
}

@article{RN3577,
   author = {Slade, Mike and Amering, Michaela and Farkas, Marianne and Hamilton, Bridget and O'Hagan, Mary and Panther, Graham and Perkins, Rachel and Shepherd, Geoff and Tse, Samson and Whitley, Rob},
   title = {Uses and abuses of recovery: implementing recovery-oriented practices in mental health systems},
   journal = {World Psychiatry},
   volume = {13},
   number = {1},
   pages = {12-20},
   ISSN = {1723-8617},
   DOI = {10.1002/wps.20084},
   url = {http://europepmc.org/articles/pmc3918008?pdf=render},
   year = {2014},
   type = {Journal Article}
}

@article{RN102,
   author = {Smith, Daniel J and Langan, Julie and McLean, Gary and Guthrie, Bruce and Mercer, Stewart W},
   title = {Schizophrenia is associated with excess multiple physical-health comorbidities but low levels of recorded cardiovascular disease in primary care: cross-sectional study},
   journal = {BMJ open},
   volume = {3},
   number = {4},
   pages = {e002808},
   ISSN = {2044-6055},
   year = {2013},
   type = {Journal Article}
}

@misc{RN4725,
   url = {https://www.ons.gov.uk/economy},
   year = {2022},
   type = {Web Page}
}

@article{RN4780,
   author = {Steltenpohl, CN},
   title = {Is Science Objective},
   journal = {Blog retrieved from: https://cnsyoung. com/isscience-objective},
   year = {2020},
   type = {Journal Article}
}

@article{RN2388,
   author = {Stewart, Alasdair BR and Gawlewicz, Anna and Bailey, Nick and Katikireddi, S Vittal and Wright, Sharon},
   title = {Lived experiences of mental health problems and welfare conditionality},
   year = {2020},
   type = {Journal Article}
}

@article{RN2300,
   author = {Stewart, Mo},
   title = {The Adoption of Preventable Harm, Masquerading as Social Policy Reforms},
   journal = {Journal of (In) Justice International},
   year = {2021},
   type = {Journal Article}
}

@article{RN4818,
   author = {Sullivan, Alice},
   title = {Sex and the census: why surveys should not conflate sex and gender identity},
   journal = {International Journal of Social Research Methodology},
   volume = {23},
   number = {5},
   pages = {517-524},
   ISSN = {1364-5579},
   year = {2020},
   type = {Journal Article}
}

@article{RN4757,
   author = {Taskforce, Administrative Data},
   title = {The UK administrative data research network: improving access for research and policy},
   journal = {London: Economic and Social Research Council},
   year = {2012},
   type = {Journal Article}
}

@book{RN2246,
   author = {Taylor, Matthew and Marsh, Greg and Nicol, Diane and Broadbent, Paul},
   title = {Good work: The Taylor review of modern working practices},
   publisher = {Department for Business, Energy & Industrial Strategy London},
   year = {2017},
   type = {Book}
}

@article{RN4715,
   author = {Taylor, Mark and Perera, Udayanga},
   title = {NICE CG178 Psychosis and Schizophrenia in Adults: Treatment and Management–an evidence-based guideline?},
   journal = {The British Journal of Psychiatry},
   volume = {206},
   number = {5},
   pages = {357-359},
   ISSN = {0007-1250},
   year = {2015},
   type = {Journal Article}
}

@article{RN2272,
   author = {Teh, Wen Lin and Cetty, Laxman and Jeyagurunathan, Anitha and Devi, Fiona and Roystonn, Kumarasan and Tang, Charmaine and Verma, Swapna and Subramaniam, Mythily},
   title = {Comorbid physical illnesses in adult outpatients with psychotic disorders: risk factors, psychological functioning, and quality of life outcomes},
   journal = {Social psychiatry and psychiatric epidemiology},
   volume = {56},
   number = {9},
   pages = {1633-1643},
   ISSN = {1433-9285},
   year = {2021},
   type = {Journal Article}
}

@article{RN2385,
   author = {Thill, Steve and Houssemand, Claude and Pignault, Anne},
   title = {Unemployment normalization: its effect on mental health during various stages of unemployment},
   journal = {Psychological reports},
   volume = {122},
   number = {5},
   pages = {1600-1617},
   ISSN = {0033-2941},
   year = {2019},
   type = {Journal Article}
}

@article{RN3530,
   author = {Thornicroft, Graham},
   title = {People with severe mental illness as the perpetrators and victims of violence: time for a new public health approach},
   journal = {The Lancet Public Health},
   volume = {5},
   number = {2},
   pages = {e72-e73},
   ISSN = {2468-2667},
   DOI = {10.1016/s2468-2667(20)30002-5},
   year = {2020},
   type = {Journal Article}
}

@misc{RN4809,
   url = {https://www.tuc.org.uk/research-analysis/reports/tuc-equality-audit-2018},
   year = {2018},
   type = {Web Page}
}

@article{RN4786,
   author = {Uluğ, Özden Melis and Acar, Yasemin Gülsüm and Kanık, Betül},
   title = {Reflecting on research: Researcher identity in conflict studies from the perspectives of participants},
   journal = {European Journal of Social Psychology},
   volume = {51},
   number = {6},
   pages = {847-861},
   ISSN = {0046-2772},
   year = {2021},
   type = {Journal Article}
}

@article{RN4730,
   author = {Valery, Kevin-Marc and Prouteau, Antoinette},
   title = {Schizophrenia stigma in mental health professionals and associated factors: A systematic review},
   journal = {Psychiatry research},
   volume = {290},
   pages = {113068},
   ISSN = {0165-1781},
   year = {2020},
   type = {Journal Article}
}

@article{RN99,
   author = {Ventriglio, Antonio and Gentile, Alessandro and Stella, Eleonora and Bellomo, Antonello},
   title = {Metabolic issues in patients affected by schizophrenia: clinical characteristics and medical management},
   journal = {Frontiers in neuroscience},
   volume = {9},
   pages = {297},
   ISSN = {1662-453X},
   year = {2015},
   type = {Journal Article}
}

@book{RN175,
   author = {Waddell, Gordon and Burton, A Kim},
   title = {Is work good for your health and well-being?},
   publisher = {The Stationery Office},
   ISBN = {0117036943},
   year = {2006},
   type = {Book}
}

@article{RN3518,
   author = {Wadman, Ruth and Vostanis, Panos and Sayal, Kapil and Majumder, Pallab and Harroe, Caroline and Clarke, David and Armstrong, Marie and Townsend, Ellen},
   title = {An interpretative phenomenological analysis of young people's self-harm in the context of interpersonal stressors and supports: Parents, peers, and clinical services},
   journal = {Social Science & Medicine},
   volume = {212},
   pages = {120-128},
   ISSN = {0277-9536},
   DOI = {10.1016/j.socscimed.2018.07.021},
   url = {http://eprints.nottingham.ac.uk/52978/1/IPA%20self-harm%20social%20stressors%20supports_author%20accepted%20FINAL.pdf},
   year = {2018},
   type = {Journal Article}
}

@article{RN4716,
   author = {Watts, Jay},
   title = {Problems with the ICD-11 classification of personality disorder},
   journal = {The Lancet Psychiatry},
   volume = {6},
   number = {6},
   pages = {461-463},
   ISSN = {2215-0366},
   year = {2019},
   type = {Journal Article}
}

@book{RN4759,
   author = {Whitaker, Robert and Cosgrove, Lisa},
   title = {Psychiatry under the influence: Institutional corruption, social injury, and prescriptions for reform},
   publisher = {Springer},
   ISBN = {113750692X},
   year = {2015},
   type = {Book}
}

@book{RN4739,
   author = {Wilkinson, Kate Pickett and Richard G.},
   title = {The Spirit Level},
   year = {2010},
   type = {Book}
}

@article{RN3516,
   author = {Williams, Evan},
   title = {Punitive welfare reform and claimant mental health: The impact of benefit sanctions on anxiety and depression},
   journal = {Social Policy & Administration},
   volume = {55},
   number = {1},
   pages = {157-172},
   ISSN = {0144-5596},
   DOI = {10.1111/spol.12628},
   year = {2021},
   type = {Journal Article}
}

@article{RN2392,
   author = {Williams, Evan},
   title = {Unemployment, sanctions and mental health: the relationship between benefit sanctions and antidepressant prescribing},
   journal = {Journal of Social Policy},
   volume = {50},
   number = {1},
   pages = {1-20},
   ISSN = {0047-2794},
   DOI = {10.1017/s0047279419000783},
   year = {2021},
   type = {Journal Article}
}

@article{RN4761,
   author = {Williams, Richard},
   title = {Using the margins command to estimate and interpret adjusted predictions and marginal effects},
   journal = {The Stata Journal},
   volume = {12},
   number = {2},
   pages = {308-331},
   ISSN = {1536-867X},
   year = {2012},
   type = {Journal Article}
}

@book{RN4771,
   author = {Willig, Carla},
   title = {EBOOK: introducing qualitative research in psychology},
   publisher = {McGraw-hill education (UK)},
   ISBN = {0335244505},
   year = {2013},
   type = {Book}
}

@article{RN3549,
   author = {Wright, Sharon and Fletcher, Del Roy and Stewart, Alasdair B. R.},
   title = {Punitive benefit sanctions, welfare conditionality, and the social abuse of unemployed people in Britain: Transforming claimants into offenders?},
   journal = {Social Policy & Administration},
   volume = {54},
   number = {2},
   pages = {278-294},
   ISSN = {0144-5596},
   DOI = {10.1111/spol.12577},
   year = {2020},
   type = {Journal Article}
}

@article{RN2302,
   author = {Wright, Sharon and Robertson, Laura and Stewart, Alasdair BR},
   title = {Universal Credit and the invalidation of mental health problems: claimant and Jobcentre Plus staff experiences},
   journal = {Journal of Poverty and Social Justice},
   ISSN = {1759-8273},
   year = {2022},
   type = {Journal Article}
}

@article{RN4735,
   author = {Zhang, TianHong and Raballo, Andrea and Zeng, JiaHui and Gan, RanPiao and Wu, GuiSen and Wei, YanYan and Xu, LiHua and Tang, XiaoChen and Hu, YeGang and Tang, YingYing},
   title = {Antipsychotic prescription, assumption and conversion to psychosis: resolving missing clinical links to optimize prevention through precision},
   journal = {Schizophrenia},
   volume = {8},
   number = {1},
   pages = {48},
   ISSN = {2754-6993},
   year = {2022},
   type = {Journal Article}
}

@article{RN3448,
   author = {Zheng, Katherine and Stern, Brocha Z. and Wafford, Q. Eileen and Kohli-Lynch, Ciaran N.},
   title = {Trial-Based Economic Evaluations of Supported Employment for Adults with Severe Mental Illness: A Systematic Review},
   journal = {Administration and Policy in Mental Health and Mental Health Services Research},
   volume = {49},
   number = {3},
   pages = {440-452},
   ISSN = {0894-587X},
   DOI = {10.1007/s10488-021-01174-y},
   year = {2022},
   type = {Journal Article}
}

@article{RN4722,
   author = {Zumstein, Naomi and Riese, Florian},
   title = {Defining severe and persistent mental illness—a pragmatic utility concept analysis},
   journal = {Frontiers in psychiatry},
   volume = {11},
   pages = {648},
   ISSN = {1664-0640},
   year = {2020},
   type = {Journal Article}
}

